@misc{GitRepo,
author = {M6 Team 8, 2019},
title = {{M6 Video Analysis. Git Repostory}},
url = {https://github.com/mcv-m6-video/mcv-m6-2019-team8},
urldate = {2019-04-14}
}

@misc{Nvidia,
author = {Nvidia},
title = {{Nvidia AI City Challenge}},
url = {https://www.aicitychallenge.org/},
urldate = {2019-04-14}
}

@misc{GoogleCloud,
author = {Google},
title = {{Google Cloud}},
url = {https://cloud.google.com//},
urldate = {2019-04-14}
}

@misc{DeepCC,
author = {ergysr },
title = {{Multi-Target, Multi-Camera Tracking}},
url = {https://github.com/ergysr/DeepCC},
urldate = {2019-04-14}
}

@article{MTMCReID,
  title={Features for Multi-Target Multi-Camera Tracking and Re-Identification},
  author={  Ristani, Ergys, Tomasi, Carlo},
  journal={Computer Vision Foundation - open access},
  year={Dec. 2018},
  DOI={http://openaccess.thecvf.com/content_cvpr_2018/papers/Ristani_Features_for_Multi-Target_CVPR_2018_paper.pdf}
}

@misc{dukeImg,
author = {DukeMTMC },
title = {{DukeMTMC Data Set}},
url = {http://vision.cs.duke.edu/DukeMTMC},
urldate = {2019-04-14}
}


@misc{Motchallenge,
author = {MOTChallenge: The Multiple Object Tracking Benchmark },
title = {{DukeMTMC Data Set}},
url = {hhttps://motchallenge.net/},
urldate = {2019-04-14}
}

@inproceedings{sternig2011multi,
  title={Multi-camera multi-object tracking by robust hough-based homography projections},
  author={Sternig, Sabine and Mauthner, Thomas and Irschara, Arnold and Roth, Peter M and Bischof, Horst},
  booktitle={2011 IEEE International Conference on Computer Vision Workshops (ICCV Workshops)},
  pages={1689--1696},
  year={2011},
  organization={IEEE}
}
